<?xml version="1.0" encoding="UTF-8"?><collection xmlns="http://www.loc.gov/MARC21/slim"><record><leader>00420nam--2200121-i-4500</leader><controlfield tag="001">000009710</controlfield><controlfield tag="002">20161230</controlfield><controlfield tag="005">20161230201028</controlfield><controlfield tag="008">060222s1000------------r-----000-0-eng-d</controlfield><datafield ind1=" " ind2=" " tag="100"><subfield code="a">Bunger, William B.And Riddick, John A</subfield></datafield><datafield ind1=" " ind2=" " tag="245"><subfield code="a">Organic solvents. physical properties and meth ods of purification. third edition</subfield></datafield><datafield ind1=" " ind2=" " tag="260"><subfield code="a">New York, Wiley-interscience, 1970</subfield></datafield><datafield ind1=" " ind2=" " tag="490"><subfield code="a">Techniques Of Chemistry, Arnold Weissberger Ed Itor</subfield></datafield></record></collection>